@article{biryukov2017equihash,
    title = {Equihash: Asymmetric proof-of-work based on the generalized birthday problem},
    author = {Biryukov, Alex and Khovratovich, Dmitry},
    journal = {Ledger},
    volume = {2},
    pages = {1--30},
    year = {2017}
}

@article{sanger2015bank,
    title = {Bank Hackers Steal Millions via Malware},
    author = {Sanger, David and Perlroth, Nicole},
    journal = {The New York Times},
    url = {https://www.nytimes.com/2015/02/15/world/bank-hackers-steal-millions-via-malware.html},
    year = {2015}
}

@article{leskin2018top,
    title = {The 21 scariest data breaches of 2018},
    author = {Leskin, Paige},
    journal = {Business Insider},
    url = {https://www.businessinsider.com/data-hacks-breaches-biggest-of-2018-2018-12#1-aadhar-11-billion-21},
    year = {2018}
}

@techreport{kiayias2017non,
    title = {Non-interactive proofs of proof-of-work},
    author = {Kiayias, Aggelos and Miller, Andrew and Zindros, Dionysis},
    year = {2017},
    institution = {Cryptology ePrint Archive, Report 2017/963, 2017. Accessed: 2017-10-03}
}

@online{reorgAttack,
title = {51\% attack},
url = {https://en.bitcoinwiki.org/wiki/51%25_attack}
}

@online{ergoMiner,
    title = {Autolykos GPU miner},
    url = {https://github.com/ergoplatform/Autolykos-GPU-miner}
}

@online{icoTutorial,
    title = {An ICO Example On Top Of Ergo},
    url = {https://ergoplatform.org/blog/2019_04_10-ico-example/}
}

@online{letsTutorial,
    title = {A Local Exchange Trading System On Top Of Ergo},
    url = {https://ergoplatform.org/blog/2019_04_22-lets/}
}

@misc{Nol13,
    author={Tier Nolan},
    title = {Alt chains and atomic transfers},
    url={https://bitcointalk.org/index.php?topic=193281.msg2224949#msg2224949},
    year = 2013
}

@online{ergoTutorial,
    title = {ErgoScript, a Cryptocurrency Scripting Language Supporting Noninteractive Zero-Knowledge Proofs},
    url = {https://docs.ergoplatform.com/ErgoScript.pdf}
}

@online{ergoAdvTutorial,
    title = {Advanced ErgoScript Tutorial},
    url = {https://docs.ergoplatform.com/sigmastate_protocols.pdf}
}

@inproceedings{reyzin2017improving,
    title = {Improving authenticated dynamic dictionaries, with applications to cryptocurrencies},
    author = {Reyzin, Leonid and Meshkov, Dmitry and Chepurnoy, Alexander and Ivanov, Sasha},
    booktitle = {International Conference on Financial Cryptography and Data Security},
    pages = {376--392},
    year = {2017},
    organization = {Springer}
}

@incollection{meshkov2017short,
    title = {Short Paper: Revisiting Difficulty Control for Blockchain Systems},
    author = {Meshkov, Dmitry and Chepurnoy, Alexander and Jansen, Marc},
    booktitle = {Data Privacy Management, Cryptocurrencies and Blockchain Technology},
    pages = {429--436},
    year = {2017},
    publisher = {Springer}
}

@article{luuflyclient,
    title = {Flyclient super light client for cryptocurrencies},
    author = {Luu, L and Buenz, B and Zamani, M},
    journal = {IACR Cryptology ePrint Archive},
    year = {2019},
    url = {https://eprint.iacr.org/2019/226}
}

@article{jansenDo,
    title = {Do Smart Contract Languages Need to be Turing Complete?},
    author = {Jansen, M and Hdhili, F and Gouiaa, R and Qasem, Z},
    year = {2019},
    url = {https://www.researchgate.net/publication/332072371_Do_Smart_Contract_Languages_Need_to_be_Turing_Complete/download}
}

@article{heilmancryptanalysis,
    title={Cryptanalysis of Curl-P and Other Attacks on the IOTA Cryptocurrency},
    author={Heilman, Ethan and Narula, Neha and Tanzer, Garrett and Lovejoy, James and Colavita, Michael and Virza, Madars and Dryja, Tadge}
}

@inproceedings{de2018break,
    title={How to break IOTA heart by replaying?},
    author={De Roode, Gerard and Ullah, Ikram and Havinga, Paul JM},
    booktitle={2018 IEEE Globecom Workshops (GC Wkshps)},
    pages={1--7},
    year={2018},
    organization={IEEE}
}

@article{perez2019another,
    title={Another coin bites the dust: an analysis of dust in UTXO-based cryptocurrencies},
    author={P{\'e}rez-Sol{\`a}, Cristina and Delgado-Segura, Sergi and Navarro-Arribas, Guillermo and Herrera-Joancomart{\'\i}, Jordi},
    journal={Royal Society open science},
    volume={6},
    number={1},
    pages={180817},
    year={2019},
    publisher={The Royal Society}
}

@unpublished{Ergopow,
    author = {Chepurnoy, Alexander and Kharin, Vasily and Meshkov, Dmitry},
    title = {Autolykos: The Ergo Platform PoW Puzzle},
    url = {https://docs.ergoplatform.com/ErgoPow.pdf},
    year = {2019}
}

@online{ethHash,
    title = {Ethash},
    url = {https://github.com/ethereum/wiki/wiki/Ethash/6e97c9cea49605264c6f4d1dc9e1939b1f89a5a3}
}

@online{ethSlow1,
    title = {Very slow syncing on Hard Drive},
    url = {https://github.com/ethereum/go-ethereum/issues/14895}
}

@online{ethSlow2,
    title = {Why is my node synchronization stuck/extremely slow at block 2,306,843?},
    url = {https://ethereum.stackexchange.com/questions/9883/why-is-my-node-synchronization-stuck-extremely-slow-at-block-2-306-843}
}

@online{sybilDef,
    title = {Sybil attack},
    url = {https://en.wikipedia.org/wiki/Sybil_attack}
}

@online{btcPrice,
    title = {Bitcoin’s Price Surpasses \$18,000 Level, Market Cap Now Higher Than Visa’s},
    url = {https://cointelegraph.com/news/bitcoins-price-surpasses-18000-level-market-cap-now-higher-than-visas}
}

@online{ethDifficultyBomb,
    title = {Ethereum’s Blockchain Is Once Again Feeling the ‘Difficulty Bomb’ Effect},
    url = {https://www.coindesk.com/ethereum-blockchain-feeling-the-difficulty-bomb-effect}
}

@online{IOTAReport,
    title = {IOTA Vulnerability Report: Cryptanalysis of the Curl Hash Function Enabling Practical Signature Forgery Attacks on the IOTA Cryptocurrency},
    url = {https://github.com/mit-dci/tangled-curl/blob/master/vuln-iota.md}
}


@online{ethWhitepaper,
    title = {A Next-Generation Smart Contract and Decentralized Application Platform},
    url = {https://github.com/ethereum/wiki/wiki/White-Paper/eb67aed3dd751a25aa94704de22f6bd8850d345b}
}

@online{bitcoinFees,
    title = {Skyrocketing fees are fundamentally changing bitcoin},
    url = {https://arstechnica.com/tech-policy/2017/12/bitcoin-fees-rising-high/}
}

@online{parityLock,
    title = {I Accidentally Killed It: Parity Wallet Bug Locks \$150 Million in Ether},
    url = {https://www.ccn.com/i-accidentally-killed-it-parity-wallet-bug-locks-150-million-in-ether}
}

@online{ethDos2016,
    title = {Ethereum Network Attacker’s IP Address Is Traceable},
    url = {https://www.bokconsulting.com.au/blog/ethereum-network-attackers-ip-address-is-traceable/}
}

@article{zahnentferner2018chimeric,
    title = {Chimeric Ledgers: Translating and Unifying UTXO-based and Account-based Cryptocurrencies.},
    author = {Zahnentferner, Joachim},
    journal = {IACR Cryptology ePrint Archive},
    volume = {2018},
    pages = {262},
    year = {2018}
}

@article{goodman2014tezos,
    title = {Tezos --- a self-amending crypto-ledger White paper},
    author = {Goodman, LM},
    journal = {URL: https://www. tezos. com/static/papers/white\_paper. pdf},
    year = {2014}
}

@article{szabo1994smart,
    title = {Smart contracts},
    author = {Szabo, Nick},
    journal = {Unpublished manuscript},
    year = {1994}
}

@inproceedings{dwork2003memory,
    title = {On memory-bound functions for fighting spam},
    author = {Dwork, Cynthia and Goldberg, Andrew and Naor, Moni},
    booktitle = {Annual International Cryptology Conference},
    pages = {426--444},
    year = {2003},
    organization = {Springer}
}

@online{ETHAsics,
    title = {Bitmain Confirms Release of First Ethereum ASIC Miners},
    url = {https://www.coindesk.com/bitmain-confirms-release-first-ever-ethereum-asic-miners}
}

@online{scriptEmission,
    title = {Script of the Ergo emission box},
    url = {https://github.com/ScorexFoundation/sigmastate-interpreter/blob/1b7b5a69035fc384b47c18ccf42b87dd95bbcf12/src/main/scala/org/ergoplatform/ErgoScriptPredef.scala#L74}
}

@online{scriptTreasury,
    title = {Script of the Ergo treasury box},
    url = {https://github.com/ScorexFoundation/sigmastate-interpreter/blob/1b7b5a69035fc384b47c18ccf42b87dd95bbcf12/src/main/scala/org/ergoplatform/ErgoScriptPredef.scala#L118}
}


@online{EquihashAsics,
    title = {Bitmain’s Latest Crypto ASIC Can Mine Zcash},
    url = {https://www.coindesk.com/bitmains-latest-crypto-asic-can-mine-zcash}
}

@inproceedings{reyzin2017improving,
  title={Improving authenticated dynamic dictionaries, with applications to cryptocurrencies},
  author={Reyzin, Leonid and Meshkov, Dmitry and Chepurnoy, Alexander and Ivanov, Sasha},
  booktitle={International Conference on Financial Cryptography and Data Security},
  pages={376--392},
  year={2017},
  organization={Springer}
}

@techreport{chepurnoy2018edrax,
  title={EDRAX: A Cryptocurrency with Stateless Transaction Validation},
  author={Chepurnoy, Alexander and Papamanthou, Charalampos and Zhang, Yupeng},
  year={2018},
  institution={Cryptology ePrint Archive, Report 2018/968}
}


@article{chepurnoy2018systematic,
    title = {A Systematic Approach To Cryptocurrency Fees},
    author = {Chepurnoy, Alexander and Kharin, Vasily and Meshkov, Dmitry},
    journal = {IACR Cryptology ePrint Archive},
    volume = {2018},
    pages = {78},
    year = {2018}
}

@inproceedings{chepurnoy2018self,
    title = {Self-reproducing Coins as Universal Turing Machine},
    author = {Chepurnoy, Alexander and Kharin, Vasily and Meshkov, Dmitry},
    booktitle = {Data Privacy Management, Cryptocurrencies and Blockchain Technology},
    pages = {57--64},
    year = {2018},
    publisher = {Springer}
}

@inproceedings{chepurnoy2018checking,
    title = {Checking laws of the blockchain with property-based testing},
    author = {Chepurnoy, Alexander and Rathee, Mayank},
    booktitle = {Blockchain Oriented Software Engineering (IWBOSE), 2018 International Workshop on},
    pages = {40--47},
    year = {2018},
    organization = {IEEE}
}

@inproceedings{duong2018multi,
    title = {Multi-mode Cryptocurrency Systems},
    author = {Duong, Tuyet and Chepurnoy, Alexander and Zhou, Hong-Sheng},
    booktitle = {Proceedings of the 2nd ACM Workshop on Blockchains, Cryptocurrencies, and Contracts},
    pages = {35--46},
    year = {2018},
    organization = {ACM}
}

@inproceedings{carlsten2016instability,
    title = {On the instability of bitcoin without the block reward},
    author = {Carlsten, Miles and Kalodner, Harry and Weinberg, S Matthew and Narayanan, Arvind},
    booktitle = {Proceedings of the 2016 ACM SIGSAC Conference on Computer and Communications Security},
    pages = {154--167},
    year = {2016},
    organization = {ACM}
}

@article{chepurnoy2017space,
    title={On Space-Scarce Economy In Blockchain Systems.},
    author={Chepurnoy, Alexander and Meshkov, Dmitry},
    journal={IACR Cryptology ePrint Archive},
    volume={2017},
    pages={644},
    year={2017}
}

@article{wsj2018,
    title = {A Fifth of All Bitcoin Is Missing. These Crypto Hunters Can Help},
    author = {Krause, Elliott},
    year = {2018},
    publisher = {The Wall Street Journal}
}

@article{nakamoto2008bitcoin,
    title = {Bitcoin: A peer-to-peer electronic cash system},
    author = {Nakamoto, Satoshi},
    year = {2008},
    publisher = {Working Paper}
}