% Non-outsourceable

@inproceedings{miller2015nonoutsourceable,
    title={Nonoutsourceable scratch-off puzzles to discourage bitcoin mining coalitions},
    author={Miller, Andrew and Kosba, Ahmed and Katz, Jonathan and Shi, Elaine},
    booktitle={Proceedings of the 22nd ACM SIGSAC Conference on Computer and Communications Security},
    pages={680--691},
    year={2015},
    organization={ACM}
}
@article{zengnonoutsourceable,
    title={A Nonoutsourceable Puzzle under GHOST Rule},
    author={Zeng, Gongxian and Yiu, Siu Ming and Zhang, Jun and Kuzuno, Hiroki and Au, Man Ho}
}

@inproceedings{daian2017piecework,
    title={Piecework: Generalized outsourcing control for proofs of work},
    author={Daian, Ittay Eyal Philip and Sirer, Emin Gn and Juels, Ari},
    booktitle={BITCOIN Workshop},
    year={2017}
}

@misc{eyal2014disincentivize,
    title={How to Disincentivize Large Bitcoin Mining Pools},
    author={Ittay Eyal and Emin Gün Sirer},
    url={http://hackingdistributed.com/2014/06/18/how-to-disincentivize-large-bitcoin-mining-pools/},
    year={2014}
}

@online{ergo,
    title = {Ergo platform},
    url = {https://ergoplatform.org/}
}

@online{ETHAsics,
    title = {Bitmain Confirms Release of First Ethereum ASIC Miners},
    url = {https://www.coindesk.com/bitmain-confirms-release-first-ever-ethereum-asic-miners}
}

@online{EquihashAsics,
    title = {Bitmain’s Latest Crypto ASIC Can Mine Zcash},
    url = {https://www.coindesk.com/bitmains-latest-crypto-asic-can-mine-zcash}
}



@online{ergoGit,
    title = {Autoleakus Scala implementation},
    url = {https://github.com/ergoplatform/ergo/tree/master/src/main/scala/org/ergoplatform/mining}
}

@online{gpuHashrate,
    title = {Non-specialized hardware comparison},
    url = {https://en.bitcoin.it/wiki/Non-specialized_hardware_comparison}
}

@online{ethHash,
    title = {Ethash},
    url = {https://github.com/ethereum/wiki/wiki/Ethash/6e97c9cea49605264c6f4d1dc9e1939b1f89a5a3}
}

% Asic-resistance

@article{biryukov2017equihash,
    title={Equihash: Asymmetric proof-of-work based on the generalized birthday problem},
    author={Biryukov, Alex and Khovratovich, Dmitry},
    journal={Ledger},
    volume={2},
    pages={1--30},
    year={2017}
}

@inproceedings{alwen2017scrypt,
    title={Scrypt is maximally memory-hard},
    author={Alwen, Jo{\"e}l and Chen, Binyi and Pietrzak, Krzysztof and Reyzin, Leonid and Tessaro, Stefano},
    booktitle={Annual International Conference on the Theory and Applications of Cryptographic Techniques},
    pages={33--62},
    year={2017},
    organization={Springer}
}

@inproceedings{alcock2017note,
    title={A Note on the Security of Equihash},
    author={Alcock, Leo and Ren, Ling},
    booktitle={Proceedings of the 2017 on Cloud Computing Security Workshop},
    pages={51--55},
    year={2017},
    organization={ACM}
}

@inproceedings{dwork2003memory,
    title={On memory-bound functions for fighting spam},
    author={Dwork, Cynthia and Goldberg, Andrew and Naor, Moni},
    booktitle={Annual International Cryptology Conference},
    pages={426--444},
    year={2003},
    organization={Springer}
}
% crypto

@inproceedings{wagner2002generalized,
    title={A generalized birthday problem},
    author={Wagner, David},
    booktitle={Annual International Cryptology Conference},
    pages={288--304},
    year={2002},
    organization={Springer}
}

% else
@article{nakamoto2008bitcoin,
    title={Bitcoin: A peer-to-peer electronic cash system},
    author={Nakamoto, Satoshi},
    year={2008}
}

@techreport{garay2017proofs,
  title={Proofs of work for blockchain protocols},
  author={Garay, Juan A and Kiayias, Aggelos and Panagiotakos, Giorgos},
  year={2017},
  institution={Cryptology ePrint Archive, Report 2017/775}
}

@inproceedings{dwork1992pricing,
    title={Pricing via processing or combatting junk mail},
    author={Dwork, Cynthia and Naor, Moni},
    booktitle={Annual International Cryptology Conference},
    pages={139--147},
    year={1992},
    organization={Springer}
}
